@article{ australia,
author = {Belal Chowdhury, Morshed Chowdhury},
title = {RFID-based Real-time Smart Waste Management System} ,
year = 2007}

@article{ france,
author = {{Yann Glouche},{Paul Couderc}},
title={A Smart Waste Management with Self-Describing objects},
year=2014}

@article { france2,
author = {{Arnab Sinha}, {Paul Couderc}},
title = {Smart Bin for Incompatible Waste Items},
year = 2014}

@article{malaysia,
author = {Md. Abdulla Al Mamun},
title ={Integrated Sensing Systems and Algorithms for Solid Waste Bin State Management Automation},
year = 2014}

@article { catania,
title = {An Approch for Monitoring and Smart Planning of Urban Solid Waste Management Using Smart-M3 Platform},
author = {{Vincenzo Catania},{Daniela Ventura}},
year = 2014}

@article{korea,
author={{Insung Hong}},
title={IoT-Based Smart Garbage System for Efficient Food Waste Management},
year=2014}

@article{perfume,
author ={{Judith Amores}},
title = "Bin-ary: Detecting the State of Organic Trash to Prevent Insalubrity",
year = 2015
}

@manual{tgs2602,
author="Unitronic A.G.",
title="Technical Information for Figaro TGS2602 air quality sensor"
}

@misc{lora,
	author="LoRa Alliance",
	title={\url{https://www.lora-alliance.org/What-Is-LoRa/Technology}},
	note={Accessed: 2016-11-9}
}

@misc{eurostat,
author="Eurostat",
title={\url{http://ec.europa.eu/eurostat/web/waste/data/main-tables}},
note={Accessed: 2016-12-07}
}
